<?xml version="1.0" encoding="utf-8"?>
<record xmlns="http://www.loc.gov/MARC21/slim" xmlns:xsi="http://www.w3.org/2001/XMLSchema-instance" xsi:schemaLocation="http://www.loc.gov/MARC21/slim http://www.loc.gov/standards/marcxml/schema/MARC21slim.xsd">
	<leader>     nam a22     Mi 4500</leader>
	<controlfield tag="001">24301</controlfield>
	<controlfield tag="003">aeadna</controlfield>
	<controlfield tag="006">m        d        </controlfield>
	<controlfield tag="007">cr cn |||m|||a</controlfield>
	<controlfield tag="008">220705q1921    le |   fo00  a00  0cara u</controlfield>
	<datafield ind1=" " ind2=" " tag="040">
		<subfield code="a">ZYU</subfield>
		<subfield code="b">ara</subfield>
		<subfield code="c">ZYU</subfield>
	</datafield>
	<datafield ind1="0" ind2=" " tag="041">
		<subfield code="a">ara</subfield>
	</datafield>
	<datafield ind1=" " ind2=" " tag="043">
		<subfield code="a">a-su---</subfield>
	</datafield>
	<datafield ind1=" " ind2="4" tag="050">
		<subfield code="a">CS1129.A2</subfield>
		<subfield code="b">.S8 1921</subfield>
	</datafield>
	<datafield ind1="1" ind2="0" tag="082">
		<subfield code="a">929.566</subfield>
		<subfield code="b">21</subfield>
	</datafield>
	<datafield ind1="1" ind2=" " tag="100">
		<subfield code="6">880-01</subfield>
		<subfield code="a">Suwaydī, Muḥammad Amīn,</subfield>
		<subfield code="d">-1830 or 1831.</subfield>
	</datafield>
	<datafield ind1="1" ind2="0" tag="245">
		<subfield code="6">880-02</subfield>
		<subfield code="a">Sabāʼik al-dhahab fī maʻrifat qabāʼil al-ʻArab</subfield>
		<subfield code="h">[electronic resource] /</subfield>
		<subfield code="c">Muḥammad Amīn al-Baghdādī.</subfield>
	</datafield>
	<datafield ind1="3" ind2="0" tag="246">
		<subfield code="6">880-03</subfield>
		<subfield code="a">Qabāʼil al-ʻArab</subfield>
	</datafield>
	<datafield ind1=" " ind2=" " tag="260">
		<subfield code="6">880-04</subfield>
		<subfield code="a">al-Qāhirah :</subfield>
		<subfield code="b">Maktabah al-Tijāriyyah al-Kubrā,</subfield>
		<subfield code="c">[1339 H.] [1921 M.]</subfield>
	</datafield>
	<datafield ind1=" " ind2=" " tag="300">
		<subfield code="6">880-05</subfield>
		<subfield code="a">online resource (120 p.)</subfield>
	</datafield>
	<datafield ind1=" " ind2=" " tag="500">
		<subfield code="a">Non-Latin script record</subfield>
	</datafield>
	<datafield ind1=" " ind2=" " tag="500">
		<subfield code="a">Part of the Arabic Collections Online (ACO) project, contributed by United Arab Emirates National Archives.</subfield>
	</datafield>
	<datafield ind1=" " ind2=" " tag="533">
		<subfield code="a">Electronic reproduction.</subfield>
		<subfield code="b">New York, N.Y. :</subfield>
		<subfield code="c">New York University,</subfield>
		<subfield code="d">2022.</subfield>
		<subfield code="5">NNU</subfield>
	</datafield>
	<datafield ind1=" " ind2="0" tag="650">
		<subfield code="6">880-06</subfield>
		<subfield code="a">Arabs</subfield>
		<subfield code="x">Genealogy.</subfield>
	</datafield>
	<datafield ind1=" " ind2="0" tag="651">
		<subfield code="6">880-07</subfield>
		<subfield code="a">Arabian Peninsula</subfield>
		<subfield code="x">Genealogy.</subfield>
	</datafield>
	<datafield ind1="2" ind2=" " tag="710">
		<subfield code="a">Abu Dhabi (United Arab Emirates).</subfield>
		<subfield code="b">National Archives.</subfield>
	</datafield>
	<datafield ind1="0" ind2=" " tag="730">
		<subfield code="a">Arabic Collections Online.</subfield>
	</datafield>
	<datafield ind1="0" ind2="8" tag="776">
		<subfield code="i">Print version:</subfield>
		<subfield code="a">Suwaydī, Muḥammad Amīn, -1830 or 1831.</subfield>
		<subfield code="t">Sabāʼik al-dhahab fī maʻrifat qabāʼil al-ʻArab</subfield>
		<subfield code="w">(aeadna)24301</subfield>
	</datafield>
	<datafield ind1="4" ind2="0" tag="856">
		<subfield code="u">http://hdl.handle.net/2333.1/kh189dzm</subfield>
	</datafield>
	<datafield ind1="1" ind2=" " tag="880">
		<subfield code="6">100-01</subfield>
		<subfield code="a">السويدي، محمد أمين البغدادي،‎</subfield>
		<subfield code="d">ت. 1830 أو 1831.‎</subfield>
	</datafield>
	<datafield ind1="1" ind2="0" tag="880">
		<subfield code="6">245-02</subfield>
		<subfield code="a">سبائك الذهب في معرفة قبائل العرب /‎</subfield>
		<subfield code="c">محمد أمين البغدادي‎</subfield>
	</datafield>
	<datafield ind1="3" ind2="0" tag="880">
		<subfield code="6">246-03</subfield>
		<subfield code="a">قبائل العرب‎</subfield>
	</datafield>
	<datafield ind1=" " ind2=" " tag="880">
		<subfield code="6">260-04</subfield>
		<subfield code="a">القاهرة:‎</subfield>
		<subfield code="b">المكتبة التجارية الكبرى،‎</subfield>
		<subfield code="b">[1339هـ] [1921م].‎</subfield>
	</datafield>
	<datafield ind1=" " ind2=" " tag="880">
		<subfield code="6">300-05</subfield>
		<subfield code="a">120 ص. ؛‎</subfield>
		<subfield code="c">34 سم.‎</subfield>
	</datafield>
	<datafield ind1=" " ind2=" " tag="880">
		<subfield code="6">500-00</subfield>
		<subfield code="a">ورق الكتاب أصفر. حالته المادية متوسطة .مجلد. يحتاج إلى عناية وترميم وصيانة.‎</subfield>
	</datafield>
	<datafield ind1=" " ind2=" " tag="880">
		<subfield code="6">500-00</subfield>
		<subfield code="a">يبدأ الكتاب ببسم الله الرحمن الرحيم ثم &quot;الحمد لله الذي خلق الخلق فاختار منهم العرب واختصهم بان جعلهم قبائل وشعب ...وبعد فيقول العبد المفتقر إلى لطف مولاه الأبدي أبو الفوز محمد امين السويدي لما كان الكتاب المسمى نهاية الأرب في معرفة انساب العرب تاليف الشيخ الفاضل والنحرير الفاصل بين الحق والباطل شهاب الدين أبي العباس احمد بن عبد الله  ابن سليمان بن اسماعيل القلقشندي المصري الشافعي  الشهير بابن غده &quot;....  . وكانت نهايته &quot; والحمد لله رب العالمين قال مؤلفه رحمه الله تعالى نجز تحريره يوم الجمعة اليوم السادس من العشر الثاني من الشهر العاشر من السنة التاسعة من العقد الثالث من القرن الثالث عشر من الهجرة النبوية على صاحبها افضل الصلاة واكمل التحية آمين&quot;.‎</subfield>
	</datafield>
	<datafield ind1=" " ind2="4" tag="880">
		<subfield code="6">650-06</subfield>
		<subfield code="a">العرب‎</subfield>
		<subfield code="x">أنساب.‎</subfield>
	</datafield>
	<datafield ind1=" " ind2="4" tag="880">
		<subfield code="6">651-07</subfield>
		<subfield code="a">شبه الجزيرة العربية‎</subfield>
		<subfield code="x">أنساب.‎</subfield>
	</datafield>
	<datafield ind1=" " ind2=" " tag="880">
		<subfield code="6">949-00</subfield>
		<subfield code="a">929.566 ب [ س ب‎</subfield>
		<subfield code="w">DDC</subfield>
		<subfield code="i">30018000001782</subfield>
		<subfield code="u">04/26/2010</subfield>
		<subfield code="d">04/26/2010</subfield>
		<subfield code="n">0</subfield>
		<subfield code="t">Book</subfield>
		<subfield code="l">av</subfield>
		<subfield code="m">MAIN</subfield>
		<subfield code="x">RAR</subfield>
	</datafield>
	<datafield ind1=" " ind2=" " tag="959">
		<subfield code="a">NNU</subfield>
		<subfield code="b">WEB</subfield>
		<subfield code="c">GENI</subfield>
		<subfield code="t">0</subfield>
		<subfield code="m">Electronic access</subfield>
		<subfield code="s">01</subfield>
	</datafield>
	<datafield ind1=" " ind2=" " tag="999">
		<subfield code="i">aeadna_24301</subfield>
		<subfield code="s">uaena_aco000107:1</subfield>
		<subfield code="e">(ERROR-880)</subfield>
		<subfield code="s">uaena_aco000107:1</subfield>
	</datafield>
</record>
